@online{Architettura_Applicativa,
    author = "RedHat",
    year = "2020",
    urldate  = "2022",
    title = "Cos'è un'architettura applicativa?" ,
    url   = "https://www.redhat.com/it/topics/cloud-native-apps/what-is-an-application-architecture"
}


@online{Event_Drive,
    author = "RedHat",
    year = "2019",
    urldate = "2022",
    title = "Cos'è l'architettura guidata dagli eventi?",
    url = "https://www.redhat.com/it/topics/integration/what-is-event-driven-architecture"
}


@online{Strumenti_di_DevOps,
    author = "Amrita Pathak",
    year = "2022",
    urldate = "2023",
    title = "I 30 Migliori Strumenti di DevOps da Tenere d’Occhio nel 2023",
    url = "https://kinsta.com/it/blog/strumenti-devops/#strumenti-di-automazione-devops"
}

@online{Container_Linux,
    author = "RedHat",
    year = "2022",
    urldate = "2022",
    title = "Cos'è un container Linux?",
    url = "https://www.redhat.com/it/topics/containers/whats-a-linux-container"
}

@online{K8S,
    author = "Kubernetes",
    urldate = "2023",
    year = "2020",
    title = "Cos'è Kubernetes?",
    url = "https://kubernetes.io/it/docs/concepts/overview/what-is-kubernetes/"
}

@online{gateway,
    author = "Springboot",
    title = "How Spring Cloud Gateway Work",
    url = "https://cloud.spring.io/spring-cloud-gateway/reference/html/#gateway-how-it-works",
    urldate = "2023"
}

@article{seo2014performance,
  title = "Performance comparison analysis of linux container and virtual machine for building cloud",
  author = "Seo, Kyoung-Taek and Hwang, Hyun-Seo and Moon, Il-Young and Kwon, Oh-Young and Kim, Byeong-Jun",
  journal = "Advanced Science and Technology Letters",
  volume = "66",
  number = "105-111",
  pages = "2",
  year = "2014"
}

@article{7458761,
  author = "Ebert, Christof and Gallardo, Gorka and Hernantes, Josune and Serrano, Nicolas",
  journal = "IEEE Software", 
  title = "DevOps", 
  year = "2016",
  volume = "33",
  number = "3",
  pages = "94-100",
  doi = "10.1109/MS.2016.68"
}

@article{burns2022orchestrazione,
  title = "Orchestrazione di container",
  author = "Burns, Brendan and Beda, Joe and Hightower, Kelsey",
  year = "2022"
}

@article{cabibbo2022orchestrazione,
  title = "Orchestrazione di container con Kubernetes",
  author = "Cabibbo, Luca",
  year = "2022"
}









